@Misc{latex_template,
	author = {Prantik Bhattacharyya},
	title  ={University of California, Davis PhD Thesis Latex Template},
	year = {2013},
	howpublished = {Available at https://github.com/prantik/latex-settings}
}